% This file was created with JabRef 2.7b.
% Encoding: UTF-8

@BOOK{abelson1,
  title = {Turtle geometry: The computer as a medium for exploring mathematics},
  publisher = {the MIT Press},
  year = {1986},
  author = {Abelson, Harold and Di Sessa, Andrea A}
}

@book{mobiledesing,
  title={Mobile Design and Development },
  author={Brian Fling},
  year={2009},
  publisher={ O'Reilly Media},
  keywords = {mobile}
}

%Ejemplo
@misc{bootstrap,
  key          = {Bootstrap Gloco.com},
  title        = {{Globo.com} {Bootstrap}},
  howpublished = {\url{globocom.github.com/bootstrap/}},
  year         = {2013},
  note         = {Visitado em \today}
}

@misc{bdbib,
  key          = {Base de Datos},
  title        = {{Introduccion a Bases de Datos} {CCM}},
  howpublished = {\url{http://es.ccm.net/contents/66-introduccion-bases-de-datos}},
  year         = {2016},
  note         = {Visitado en \today}
}

@misc{smdbbib,
  key          = {Sistema Manejador de Base de Datos},
  title        = {{SMDB} {Valor de la Gestion de los Datos}},
  howpublished = {\url{http://blog.powerdata.es/el-valor-de-la-gestion-de-datos/bid/406549/Qu-es-el-sistema-manejador-de-bases-de-datos}},
  year         = {2016},
  note         = {Visitado en \today}
}



@misc{postgresbib,
  key          = {PostgresSql},
  title        = {},
  howpublished = {\url{http://www.postgresql.org.es/sobre_postgresql}},
  year         = {2016},
  note         = {Visitado en \today}
}


@misc{mysqlbib,
  key          = {MySQL},
  title        = {{SMDB} {MySQL}},
  howpublished = {\url{http://dev.mysql.com/doc/refman/5.7/en/introduction.html}},
  year         = {2016},
  note         = {Visitado en \today}
}

@misc{oraclebib,
  key          = {Oracle},
  title        = {{SMDB} {Oracle}},
  howpublished = {\url{https://iessanvicente.com/colaboraciones/oracle.pdf}},
  year         = {2016},
  note         = {Visitado en \today}
}




@misc{celbib,
  key          = {Telefono Celular},
  title        = {{Ecured} {Telefono Celulas}},
  howpublished = {\url{http://www.ecured.cu/Tel%C3%A9fono_celular}},
  year         = {2016},
  note         = {Visitado en \today}
}

@misc{tabletbib,
  key          = {Tablets},
  title        = {{DefinicionABC} {Tecnologia}},
  howpublished = {\url{http://www.definicionabc.com/tecnologia/tablet.php}},
  year         = {2016},
  note         = {Visitado en \today}
}

 @misc{sombib,
   key          = {Sistemas Operativos Moviles},
   title        = {{Universidad Nacional} {Nordeste}},
   howpublished = {\url{http://exa.unne.edu.ar/informatica/SO/Sistemas_Operativos_en_Dispositivos_Moviles.pdf}},
   year         = {2016},
   note         = {Visitado en \today}
 }
 

@misc{androidbib,
  key          = {Android},
  title        = {{Sistema Operativo Movil} {Android}},
  howpublished = {\url{http://www.xatakandroid.com/sistema-operativo/que-es-android}},
  year         = {2016},
  note         = {Visitado en \today}
}

@misc{iosbib,
  key          = {iOS},
  title        = {{Sistema Operativo Movil} {iOS}},
  howpublished = {\url{http://www.apple.com/mx/ios/what-is/}},
  year         = {2016},
  note         = {Visitado en \today}
}


@misc{firefoxbib,
  key          = {Firefox OS},
  title        = {{Sistema Operativo Movil} {Firefox OS}},
  howpublished = {\url{https://developer.mozilla.org/en-US/docs/Mozilla/B2G_OS}},
  year         = {2016},
  note         = {Visitado en \today}
}

@misc{jquerybib,
  key          = {JQuery},
  title        = {{Desarrollo Web} {JQuery}},
  howpublished = {\url{http://www.desarrolloweb.com/articulos/introduccion-jquery.html}},
  year         = {2016},
  note         = {Visitado en \today}
}

@misc{jqueryuibib,
  key          = {JQueryUI},
  title        = {{Desarrollo Web} {JQueryUI}},
  howpublished = {\url{http://www.desarrolloweb.com/manuales/manual-jqueryui.html}},
  year         = {2016},
  note         = {Visitado en \today}
}



@misc{php,
  key          = {CakePHP},
  title        = {{ORM} {CakePHP}},
  howpublished = {\url{http://book.cakephp.org/1.3/es/The-Manual/Beginning-With-CakePHP/What-is-CakePHP-Why-Use-it.html}},
  year         = {2016},
  note         = {Visitado en \today}
}

@misc{rubybib,
  key          = {Ruby on Rails},
  title        = {{ORM} {Ruby on Rails}},
  howpublished = {\url{http://www.rubyonrails.org.es/}},
  year         = {2016},
  note         = {Visitado en \today}
}

@misc{jsonbib,
  key          = {JSON},
  title        = {{Desarrollo Web} {JSON}},
  howpublished = {\url{http://www.json.org/json-es.html}},
  year         = {2016},
  note         = {Visitado en \today}
}

@misc{titaniumbib,
  key          = {Titanium Appcelerator},
  title        = {{Plataforma Desarrollo de Aplicaciones Moviles} {Titanium Appcelerator}},
  howpublished = {\url{https://docs.appcelerator.com/platform/latest/#!/guide/Appcelerator_Platform}},
  year         = {2016},
  note         = {Visitado en \today}
}

@misc{phonegapbib,
  key          = {PhoneGap},
  title        = {{Framework de Desarrollo Web} {PhoneGap}},
  howpublished = {\url{http://docs.phonegap.com/references/developer-app/}},
  year         = {2016},
  note         = {Visitado en \today}
}



@comment{jabref-meta: selector_publisher:}

@comment{jabref-meta: selector_author:}

@comment{jabref-meta: selector_journal:}

@comment{jabref-meta: selector_keywords:}